@phdthesis{garcia2017recuperacion,
  title={Recuperación de biobutanol para la producci{\'o}n de combustibles mediante ciclos de adsorci{\'o}n-desorci{\'o}n},
  author={García Rodríguez, Álvaro},
  year={2017},
  school={Universidad Complutense de Madrid}
}

@article{henao2014modelado,
  title={Modelado matem{\'a}tico y simulaci{\'o}n para mejorar la producci{\'o}n de butanol en la fermentaci{\'o}n ABE},
  author={Henao Siso, Lessa Victoria and others},
  year={2014}
  }

@article{suarez2014analisis,
  title={An{\'a}lisis de estabilidad de un sistema de fermentaci{\'o}n Acetona-Butanol-Etanol (ABE) a partir de glucosa empleando Clostridium Acetobutylicum ATCC 824},
  author={Su{\'a}rez, Laura Johana Castellanos and P{\'e}rez, Luis Ger{\'o}nimo Matallana and Giraldo, Luis Javier L{\'o}pez},
  journal={Revista Mutis},
  volume={4},
  number={1},
  pages={15--23},
  year={2014}}


@inbook{VictorHNUEVOSSISTEMAS,
author = {Grisales Díaz, Victor},
year = {2013},
month = {09},
pages = {},
title = {NUEVOS SISTEMAS DE DESTILACIÓN ENERGÉTICAMENTE EFICIENTES PARA LA SEPARACIÓN DE BUTANOL},
isbn = {978-958-651-560-3}
}

@article{ezeji2004acetone,
  title={Acetone butanol ethanol (ABE) production from concentrated substrate: reduction in substrate inhibition by fed-batch technique and product inhibition by gas stripping},
  author={Ezeji, TC and Qureshi, Nasib and Blaschek, HP},
  journal={Applied microbiology and biotechnology},
  volume={63},
  number={6},
  pages={653--658},
  year={2004},
  publisher={Springer}
}

@article{ni2009recent,
  title={Recent progress on industrial fermentative production of acetone--butanol--ethanol by Clostridium acetobutylicum in China},
  author={Ni, Ye and Sun, Zhihao},
  journal={Applied microbiology and biotechnology},
  volume={83},
  number={3},
  pages={415},
  year={2009},
  publisher={Springer}
}

@article{zhou2020kinetic,
  title={Kinetic modeling of butyric acid effects on butanol fermentation by Clostridium saccharoperbutylacetonicum},
  author={Zhou, Quan and Liu, Ying and Yuan, Wenqiao},
  journal={New Biotechnology},
  volume={55},
  pages={118--126},
  year={2020},
  publisher={Elsevier}
}

@article{munoz2018obtencion,
  title={OBTENCI{\'O}N DE LOS PRODUCTOS DE LA FERMENTACI{\'O}N ABE A PARTIR DE CLOSTRIDIUM ACETOBUTYLICUM USANDO DESECHO AGR{\'I}COLA DE PI{\~N}A (ANANAS SATIVUS) COMO SUSTRATO},
  author={Mu{\~n}oz, Daniel Isai Serrano and Lucio, Mar{\'\i}a Azucena M{\'a}rquez and Garfias, Claudia Armas and Iturvide, Francisco Alejo},
  journal={J{\'O}VENES EN LA CIENCIA},
  volume={3},
  pages={328--333},
  year={2018}
}

@article{jang2012enhanced,
  title={Enhanced butanol production obtained by reinforcing the direct butanol-forming route in Clostridium acetobutylicum},
  author={Jang, Yu-Sin and Lee, Jin Young and Lee, Joungmin and Park, Jin Hwan and Im, Jung Ae and Eom, Moon-Ho and Lee, Julia and Lee, Sang-Hyun and Song, Hyohak and Cho, Jung-Hee and others},
  journal={MBio},
  volume={3},
  number={5},
  year={2012},
  publisher={Am Soc Microbiol}
}

@article{ponce2017evaluacion,
  title={EVALUACI{\'O}N Y AN{\'A}LISIS DEL SISTEMA DE SEPARACI{\'O}N Y PURIFICACI{\'O}N PARA LA MEZCLA ACETONA-BUTANOL-ETANOL (ABE)},
  author={Ponce-Rocha, Jaime David and Morales-Espinosa, Nematihuani and G{\'o}mez-Castro, Fernando Israel and Morales-Rodriguez, Ricardo},
  journal={J{\'O}VENES EN LA CIENCIA},
  volume={3},
  number={2},
  pages={686--690},
  year={2017}
}

@article{lutke2011metabolic,
  title={Metabolic engineering of Clostridium acetobutylicum: recent advances to improve butanol production},
  author={L{\"u}tke-Eversloh, Tina and Bahl, Hubert},
  journal={Current opinion in biotechnology},
  volume={22},
  number={5},
  pages={634--647},
  year={2011},
  publisher={Elsevier}
}

@book{geankoplis2006procesos,
  title={Procesos de transporte y principios de procesos de separación ( incluye operaciones unitarias )},
  author={Geankoplis, Christie J},
  year={2006},
  publisher={Grupo Patria Editorial}
}
@book{harriott1991operaciones,
  title={Operaciones unitarias en ingenier{\'\i}a qu{\'\i}mica},
  author={Harriott, Peter and Mccabe, Warren L and Smith, Julian C},
  year={2007}
}
@article{del2015alternativas,
  title={Alternativas para la recuperaci{\'o}n de biocombustibles oxigenados de caldos de fermentaci{\'o}n},
  author={Del R{\'\i}o Alegre, Olga and others},
  year={2015}
}
@phdthesis{acevedotrabajo,
  title={Ingeniería Conceptual de una Planta de Producción
de Acetona},
  author={Acevedo, Francisco Juan Vaquero},
  year={2016},
  school={Escuela Técnica Superior de Ingeniería
Universidad de Sevilla}
}
@ARTICLE{quiroz2014diseno,
  title = {Dise{\~n}o de una planta industrial para la producci{\'o}n de acetona a partir de alcohol isoprop{\'\i}lico.},
  author = {Quiroz Valiente, Luis Angel and Solano Mateo, Alex Rosvelt},
  year ={2014},
  publisher={Universidad Nacional de Trujillo}
}
@article{garcia2020ingenieria,
  title={Ingenier{\'\i}a b{\'a}sica de una planta de producci{\'o}n de acetona a partir de isopropanol},
  author={Garc{\'\i}a G{\'o}mez, Rafael},
  year={2020}
}
@article{palazon2019ingenieria,
  title={Ingenier{\'\i}a b{\'a}sica de una planta de producci{\'o}n de acetona},
  author={Palaz{\'o}n Garc{\'\i}a, Jos{\'e} and others},
  year={2019}
}
@article{morenotech,
  title={ tecnolog{\'\i}as para la producci{\'o}n de alcohol isoprop{\'\i}lico (IPA) Revista INGENIER{\'I}A UC, vol. 26, n{\'u}m. 1, january-april, 2019, pp. 119-124 Universidad de Carabobo Carabobo, Venezuela},
  author={Moreno--Cede{\~n}o, Greysi and Teller{\'\i}a--Mata, Natasha and Villanueva, Samuel and Henr{\'\i}quez, Magaly},
  journal={Revista INGENIER{\'I}A UC},
  volume={26},
  number={1},
  pages={119--124},
  year={2019}
}

@article{article,
author = {Luyben, William},
year = {2010},
month = {03},
pages = {},
title = {Design and Control of the Acetone Process via Dehydrogenation of 2-Propanol},
volume = {50},
journal = {Industrial & Engineering Chemistry Research - IND ENG CHEM RES}
}
@article{kitikiatsophon2004dynamic,
  title={Dynamic simulation and control of an isopropanol-acetone-hydrogen chemical heat pump},
  author={Kitikiatsophon, Waraporn and Piumsomboon, Pornpote},
  journal={Science Asia},
  volume={30},
  pages={135--147},
  year={2004}
}
@article{abdullah2017production,
  title={production of Acetone from iso-propanol},
  author={Abdullah, Abdullah M and Mohamed, Mohamed E and Ali, Mohamed F },
  year={2017},
  publisher={Sebha University}
}
@article{neamah2017acetone,
  title={Acetone Production},
  author={Neamah, Ali Ibrahim},
  journal={The Hilltop Review},
  volume={9},
  number={2},
  pages={12},
  year={2017}
}
@article{smith1997introduccion,
  title={Introducci{\'o}n a la termodin{\'a}mica en ingenier{\'\i}a qu{\'\i}mica},
  author={Smith, Joseph Mauk and Van Ness, Hendrick C and Abbott},
  year={2007},
  publisher={McGraw-Hill Mexico}
}

@book{smith1991control,
  title={Control autom{\'a}tico de procesos: teor{\'\i}a y pr{\'a}ctica},
  author={Smith, Carlos A and Corripio, Armando B and Basurto, Segio D Manzanares},

  year={2007},
  publisher={Limusa M{\'e}xico}
}

@book{LuyebnWilliam1996,
  title={Process modeling,simulation,and control for chemical engineers},
  author={Luyben, William },

  year={1996},
  publisher={McGraw-Hill}
}

@book{Urteaga2019,
  title={Industria química en México},
  author={Jon Díez Urteaga},
  year={2019},
  publisher={Oficina Económica y Comercial de España en México}
}

@article{INEGI2009,
  title={La industria química en México 2009},
  author={INEGI},
  year={2009},
  publisher={McGraw-Hill Mexico}
}
